@book{Filippov1988,
  author = {A. F. Filippov},
  title = {Differential Equations with Discontinuous Righthand Side},
  publisher = {Kluwer Academic Publishers},
  address = {Dordrecht, The Netherlands},
  year = {1988},
}
@article{Mor20,
  title = {Asymptotic tracking and disturbance rejection of time-varying signals
           with a discontinuous PID controller},
  author = {Moreno, Jaime A},
  journal = {Journal of Process Control},
  volume = {87},
  pages = {79--90},
  year = {2020},
  publisher = {Elsevier},
}
@article{MerMor20,
  title = {Discontinuous integral action for arbitrary relative degree in
           sliding-mode control},
  author = {Mercado-Uribe, Jos{\'e} {\'A}ngel and Moreno, Jaime A},
  journal = {Automatica},
  volume = {118},
  pages = {109018},
  year = {2020},
  publisher = {Elsevier},
}
@article{CruNun21,
  title = {Strict Lyapunov functions for finite-time control of robot
           manipulators},
  author = {Cruz-Zavala, Emmanuel and Nu{\~n}o, Emmanuel and Moreno, Jaime A},
  journal = {International Journal of Control},
  volume = {94},
  number = {11},
  pages = {3112--3122},
  year = {2021},
  publisher = {Taylor \& Francis},
}
@article{CruMor17,
  title = {Homogeneous high order sliding mode design: a Lyapunov approach},
  author = {Cruz-Zavala, Emmanuel and Moreno, Jaime A},
  journal = {Automatica},
  volume = {80},
  pages = {232--238},
  year = {2017},
  publisher = {Elsevier},
}
